%%%%%%%%     Bagian JDK     %%%%%%%%
@MISC{webjavaworld1,
	HOWPUBLISHED = "https://www.javaworld.com/article/3296360/what-is-the-jdk-introduction-to-the-java-development-kit.html",
	AUTHOR = "Matthew Tyson",
	TITLE = "What is the JDK? Introduction to the Java Development Kit",
	MONTH = "Januari",
	YEAR = "2020",
	NOTE = "Diakses pada 5 Maret 2020"
}









%%%%%%%%     Bagian Java     %%%%%%%%
@book{ahmadi1,
    AUTHOR="Ahmadi Andianto",
    YEAR="2017",
    TITLE="Pemrograman Dasar Menggunakan Java dan NetBeans IDE",
    PUBLISHER="Pamekasan: Duta Media",
}

@book{FNKerlinger,
    AUTHOR="Kerlinger Fred N. & Lee Howard B.",
    YEAR="2000",
    TITLE="Foundation of Behavioral Research. Fourth Edition",
    PUBLISHER="Harcourt College Publishers",
}


@MISC{webmateridosen1,
	HOWPUBLISHED = "http://www.materidosen.com/2016/10/pengertian-dan-fungsi-kode-ascii-lengkap.html",
	AUTHOR = "MateriDosen",
	TITLE = "Pengertian dan Fungsi Kode ASCII (Lengkap)",
	MONTH = "Oktober",
	YEAR = "2016",
	NOTE = "Diakses pada 27 Februari 2020"
}


@book{HengkyPercabangan,
    AUTHOR="Mangkulo Hengky Alexander",
    YEAR="2005",
    TITLE="Membuat Aplikasi Database dengan Delphi 8.0",
    PUBLISHER="Jakarta: Elex Media Komputindo",
}